% Fudenberg, Tirole - Game Theory
@book{FT-GT,
  author    = {Drew Fudenberg i Jean Tirole},
  title     = {Game Theory},
  publisher = {The MIT Press},
  year      = {1991},
  address   = {Cambridge}
}

% Owen - Teoria Gier
@book{O-GT,
  author    = {Guillermo Owen},
  title     = {Teoria Gier},
  publisher = {PWN},
  year      = {1975},
  address   = {Warszawa}
}

% Lemke, Howson - Equilibrium points of bimatrix games
@article{LH-NE,
  author    = {Carlton Edward Lemke i Joseph T. Howson Jr},
  title     = {{E}quilibrium {P}oints of {B}imatrix {G}ames},
  journal   = {Journal of the Society for Industrial and Applied Mathematics},
  volume    = {12},
  number    = {2},
  pages     = {413--423},
  publisher = {Society for Industrial and Applied Mathematics},
  year      = {1964},
  address   = {Philadelphia}
}

% Porter, Nudelman, Shoham - Simple Search Methods for Finding a Nash Equilibrium
@article{PNS-NE,
  author    = {Ryan Porter{,} Eugene Nudelman i Yoav Shoham},
  title     = {{S}imple {S}earch {M}ethods for {F}inding a {N}ash {E}quilibrium},
  journal   = {Games and Economic Behavior},
  volume    = {63},
  number    = {2},
  pages     = {664--669},
  publisher = {Stanford University},
  year      = {2008},
  address   = {Stanford}?
}

% Gowindan, Wilson - A global Newton method to compute Nash equilibria
@article{GR-NE,
  author    = {Shrihari Govindan i Robert Wilson},
  title     = {{A} global {N}ewton method to compute {N}ash equilibria},
  journal   = {Journal of Economic Theory},
  number    = {1},
  pages     = {65--86},
  publisher = {Elsevier},
  year      = {2003},
  address   = {Amsterdam}
}

% Sandholm, Gilpin, Conitzer - Mixed-Integer Programming Methods for Finding Nash Equilibria
@article{SCG-NE,
  author    = {Tuomas Sandholm{,} Andrew Gilpin i Vincent Conitzer},
  title     = {{M}ixed-{I}nteger {P}rogramming {M}ethods for {F}inding {N}ash {E}quilibria},
  journal   = {AAAI'05 Proceedings of the 20th national conference on Artificial intelligence},
  volume    = {2},
  pages     = {495--501},
  publisher = {AAAI Press},
  year      = {2005},
  address   = {Palo Alto}
}

% van der Laan, Talman, van der Heyden - Simplicial variable dimension algorithms for solving the nonlinear
% complementarity problem on a product of unit simplices using a general labelling
@article{LTH-NE,
  author    = {G. van der Laan{,} A. Talman i L. van der Heyden},
  title     = {{S}implicial variable dimension algorithms for solving the nonlinear complementarity problem on a product of unit simplices using a general labelling},
  journal   = {Mathematics of Operations Research},
  volume    = {12},
  pages     = {377--397},
  publisher = {INFORMS},
  year      = {1987},
  address   = {Catonsville}
}

% Scarf - The Computation of Equilibrium Prices: An Exposition
@article{SCARF-NR,
  author    = {Herbert E. Scarf},
  title     = {{T}he {C}omputation of {E}quilibrium {P}rices: {A}n {E}xposition},
  journal   = {Handbook of Mathematical Economics},
  volume    = {11},
  pages     = {1007--1061},
  publisher = {Yale University},
  year      = {1982},
  address   = {North-Holland}
}

% Papadimitriou - Algorithms, games, and the internet
@conference{P-AGI,
  author    = {Christos Papadimitriou},
  title     = {{A}lgorithms, games, and the internet},
  booktitle = {STOC '01 Proceedings of the thirty-third annual ACM symposium on Theory of computing},
  pages     = {749--753}
  publisher = {STOC'01},
  year      = {2001},
  address   = {Heraklion}
}

% Run the GAMUT: A Comprehensive Approach to Evaluating Game-Theoretic Algorithms
@misc{GAMUT,
  author       = {Eugene Nudelman{,} Jennifer Wortman i Yoav Shoham},
  title        = {{R}un the {GAMUT}: {A} {C}omprehensive {A}pproach to {E}valuating {G}ame-{T}heoretic {A}lgorithms},
  howpublished = "\url{http://gamut.stanford.edu/gamut.pdf}"
}
